% This file was created with JabRef 2.3.1.
% Encoding: UTF-8

@BOOK{Anley2007,
  title = {The shellcoder's Handbook: discovering and exploring security holes},
  publisher = {Wiley Publishing, Inc.},
  year = {2007},
  author = {Chris Anley},
  edition = {2ª},
  owner = {cesar},
  timestamp = {2010.04.25}
}

@MASTERSTHESIS{Furlan2005,
  author = {Leonardo Henrique Furlan},
  title = {Estudo sobre Estouros de Buffer},
  school = {Instituto de Informártica da UFRGS},
  year = {2005},
  type = {Trabalho de conclusão de curso},
  owner = {cesar},
  timestamp = {2010.04.25}
}

@BOOK{Love2007,
  title = {Linux System Programming},
  publisher = {O’Reilly Media, Inc.},
  year = {2007},
  editor = {Andy Oram},
  author = {Robert Love},
  edition = {1ª},
  owner = {cesar},
  timestamp = {2010.04.25}
}

@comment{jabref-meta: selector_publisher:}

@comment{jabref-meta: selector_author:}

@comment{jabref-meta: selector_journal:}

@comment{jabref-meta: selector_keywords:}

